<record><leader>00000cas a2200000 a 4500</leader><controlfield tag="001">10897425</controlfield><controlfield tag="008">840628d18391881maucr ne      0   a0eng c</controlfield><datafield ind1=" " ind2=" " tag="010"><subfield code="a">sn 84023565 </subfield></datafield><datafield ind1=" " ind2=" " tag="040"><subfield code="a">AQM</subfield><subfield code="b">eng</subfield><subfield code="c">AQM</subfield><subfield code="d">NPX</subfield><subfield code="d">NPY</subfield><subfield code="d">NPU</subfield><subfield code="d">DLC</subfield><subfield code="d">PPM</subfield><subfield code="d">MGN</subfield><subfield code="d">CNK</subfield><subfield code="d">NVF</subfield><subfield code="d">CRL</subfield><subfield code="d">UBY</subfield><subfield code="d">KRTAS</subfield><subfield code="d">DLC</subfield><subfield code="d">OCLCQ</subfield><subfield code="d">OCLCF</subfield></datafield><datafield ind1="1" ind2=" " tag="029"><subfield code="a">AU@</subfield><subfield code="b">000041677482</subfield></datafield><datafield ind1=" " ind2=" " tag="042"><subfield code="a">pcc</subfield></datafield><datafield ind1=" " ind2=" " tag="043"><subfield code="a">n-us-ma</subfield></datafield><datafield ind1="0" ind2="0" tag="050"><subfield code="a">Newspaper</subfield></datafield><datafield ind1="1" ind2="4" tag="050"><subfield code="a">F73.1</subfield><subfield code="b">.B77</subfield></datafield><datafield ind1="0" ind2="0" tag="245"><subfield code="a">Boston press and post.</subfield></datafield><datafield ind1=" " ind2=" " tag="260"><subfield code="a">[Boston, Mass.] :</subfield><subfield code="b">Beals &amp; Greene,</subfield><subfield code="c">1839-1881.</subfield></datafield><datafield ind1=" " ind2=" " tag="300"><subfield code="a">v. ;</subfield><subfield code="c">66-75 cm.</subfield></datafield><datafield ind1=" " ind2=" " tag="310"><subfield code="a">Semiweekly</subfield></datafield><datafield ind1="0" ind2=" " tag="362"><subfield code="a">Vol. 1, no. 1 (Jan. 1, 1839)-v. 27, no. 53 (July 4, 1881).</subfield></datafield><datafield ind1=" " ind2=" " tag="500"><subfield code="a">Publishers: Beals, Greene &amp; Co., 1852-1875; Boston Post Co., 1875-&lt;June 29, 1876&gt;; Post Pub. Co., &lt;1876&gt;-1881.</subfield></datafield><datafield ind1=" " ind2=" " tag="500"><subfield code="a">Editors: C.G. Greene, 1839-1875; R. Frothingham, Jr., 1852-1865; N.G. Greene, &lt;1859-1864&gt;.</subfield></datafield><datafield ind1=" " ind2=" " tag="500"><subfield code="a">Democratic.</subfield></datafield><datafield ind1=" " ind2=" " tag="530"><subfield code="a">Also issued on microfilm from Readex.</subfield></datafield><datafield ind1=" " ind2=" " tag="580"><subfield code="a">Daily eds.: Boston morning post (Boston, Mass. : 1831), 1839-1842, and: Boston post (Boston, Mass. : Daily), 1842-1881.</subfield></datafield><datafield ind1=" " ind2=" " tag="580"><subfield code="a">Weekly eds.: Boston statesman (Boston, Mass. : Weekly), 1839-1855, and: Boston statesman and weekly post, 1855-1881.</subfield></datafield><datafield ind1=" " ind2=" " tag="580"><subfield code="a">Presidential election campaign eds.: Campaign post (Boston, Mass. : 1852), 1852, and: Campaign post (Boston, Mass. : 1856), 1856, and: Campaign post (Boston, Mass. : 1860), 1860.</subfield></datafield><datafield ind1=" " ind2="0" tag="651"><subfield code="a">Boston (Mass.)</subfield><subfield code="v">Newspapers.</subfield></datafield><datafield ind1=" " ind2="7" tag="655"><subfield code="a">Newspapers.</subfield><subfield code="2">fast</subfield><subfield code="0">(OCoLC)fst01423814</subfield></datafield><datafield ind1=" " ind2="7" tag="651"><subfield code="a">Massachusetts</subfield><subfield code="z">Boston.</subfield><subfield code="2">fast</subfield><subfield code="0">(OCoLC)fst01205012</subfield></datafield><datafield ind1="1" ind2=" " tag="700"><subfield code="a">Greene, Charles G.</subfield><subfield code="q">(Charles Gordon),</subfield><subfield code="d">1804-1886.</subfield></datafield><datafield ind1=" " ind2=" " tag="752"><subfield code="a">United States</subfield><subfield code="b">Massachusetts</subfield><subfield code="c">Suffolk</subfield><subfield code="d">Boston.</subfield></datafield><datafield ind1="1" ind2=" " tag="775"><subfield code="t">Boston morning post (Boston, Mass. : 1831)</subfield><subfield code="w">(DLC)sn 84023563</subfield><subfield code="w">(OCoLC)2258525</subfield></datafield><datafield ind1="1" ind2=" " tag="775"><subfield code="t">Boston post (Boston, Mass. : Daily)</subfield><subfield code="w">(DLC)sn 84023564</subfield><subfield code="w">(OCoLC)10897611</subfield></datafield><datafield ind1="1" ind2=" " tag="775"><subfield code="t">Boston statesman (Boston, Mass. : Weekly)</subfield><subfield code="w">(DLC)sn 84023561</subfield><subfield code="w">(OCoLC)9355303</subfield></datafield><datafield ind1="1" ind2=" " tag="775"><subfield code="t">Boston statesman and weekly post</subfield><subfield code="w">(DLC)sn 84023566</subfield><subfield code="w">(OCoLC)10900544</subfield></datafield><datafield ind1="1" ind2=" " tag="775"><subfield code="t">Campaign post (Boston, Mass. : 1852)</subfield><subfield code="w">(DLC)sn 84023122</subfield><subfield code="w">(OCoLC)10747279</subfield></datafield><datafield ind1="1" ind2=" " tag="775"><subfield code="t">Campaign post (Boston, Mass. : 1856)</subfield><subfield code="w">(DLC)sn 85042419</subfield><subfield code="w">(OCoLC)12384025</subfield></datafield><datafield ind1="1" ind2=" " tag="775"><subfield code="t">Campaign post (Boston, Mass. : 1860)</subfield><subfield code="w">(DLC)sn 93059253</subfield><subfield code="w">(OCoLC)27833087</subfield></datafield><datafield ind1="0" ind2="0" tag="780"><subfield code="t">Boston press and advocate</subfield><subfield code="w">(DLC)sn 84023556</subfield><subfield code="w">(OCoLC)10897332</subfield></datafield><datafield ind1="0" ind2="0" tag="785"><subfield code="t">Boston post (Boston, Mass. : Semiweekly)</subfield><subfield code="w">(DLC)sn 91058066</subfield><subfield code="w">(OCoLC)23861694</subfield></datafield><datafield ind1=" " ind2=" " tag="938"><subfield code="a">Kirtas Technologies, Inc.</subfield><subfield code="b">KRTS</subfield><subfield code="n">738581</subfield></datafield></record>